<record><leader>00000cas a2200000 i 4500</leader><controlfield tag="001">37117160</controlfield><controlfield tag="008">970614d1uuu191uinuwr ne      0    0eng c</controlfield><datafield ind1=" " ind2=" " tag="010"><subfield code="a">sn 97068718 </subfield></datafield><datafield ind1=" " ind2=" " tag="040"><subfield code="a">NPI</subfield><subfield code="b">eng</subfield><subfield code="e">rda</subfield><subfield code="c">NPI</subfield><subfield code="d">OCLCQ</subfield><subfield code="d">IUL</subfield><subfield code="d">OCLCF</subfield></datafield><datafield ind1=" " ind2=" " tag="042"><subfield code="a">pcc</subfield></datafield><datafield ind1=" " ind2=" " tag="043"><subfield code="a">n-us-in</subfield></datafield><datafield ind1="0" ind2=" " tag="130"><subfield code="a">Saturday call (Lagrange, Ind.)</subfield></datafield><datafield ind1="1" ind2="4" tag="245"><subfield code="a">The Saturday call.</subfield></datafield><datafield ind1=" " ind2="1" tag="264"><subfield code="a">LaGrange, Ind. :</subfield><subfield code="b">W.D. Rheubottom</subfield></datafield><datafield ind1=" " ind2=" " tag="300"><subfield code="a">volumes</subfield></datafield><datafield ind1=" " ind2=" " tag="310"><subfield code="a">Weekly</subfield></datafield><datafield ind1=" " ind2=" " tag="336"><subfield code="a">text</subfield><subfield code="b">txt</subfield><subfield code="2">rdacontent</subfield></datafield><datafield ind1=" " ind2=" " tag="337"><subfield code="a">unmediated</subfield><subfield code="b">n</subfield><subfield code="2">rdamedia</subfield></datafield><datafield ind1=" " ind2=" " tag="338"><subfield code="a">volume</subfield><subfield code="b">nc</subfield><subfield code="2">rdacarrier</subfield></datafield><datafield ind1=" " ind2=" " tag="588"><subfield code="a">Description based on: Volume 18, number 8 (January 1, 1910); title from masthead, U.S. Newspapers Archive (viewed June 21, 2017).</subfield></datafield><datafield ind1=" " ind2=" " tag="588"><subfield code="a">Latest issue consulted: Volume 20, number 9 (December 30, 1911); U.S. Newspaper Archive (viewed June 21, 2017).</subfield></datafield><datafield ind1=" " ind2="0" tag="651"><subfield code="a">Lagrange (Ind.)</subfield><subfield code="v">Newspapers.</subfield></datafield><datafield ind1=" " ind2="0" tag="651"><subfield code="a">LaGrange County (Ind.)</subfield><subfield code="v">Newspapers.</subfield></datafield><datafield ind1=" " ind2="7" tag="651"><subfield code="a">Indiana</subfield><subfield code="z">Lagrange.</subfield><subfield code="2">fast</subfield><subfield code="0">(OCoLC)fst01238921</subfield></datafield><datafield ind1=" " ind2="7" tag="651"><subfield code="a">Indiana</subfield><subfield code="z">LaGrange County.</subfield><subfield code="2">fast</subfield><subfield code="0">(OCoLC)fst01208902</subfield></datafield><datafield ind1=" " ind2="7" tag="655"><subfield code="a">Newspapers.</subfield><subfield code="2">fast</subfield><subfield code="0">(OCoLC)fst01423814</subfield></datafield><datafield ind1=" " ind2=" " tag="752"><subfield code="a">United States</subfield><subfield code="b">Indiana</subfield><subfield code="c">LaGrange</subfield><subfield code="d">Lagrange.</subfield></datafield><datafield ind1="0" ind2="7" tag="785"><subfield code="t">LaGrange County Democrat (Lagrange, Ind. : 1903)</subfield><subfield code="w">(DLC)sn 97068720</subfield><subfield code="w">(OCoLC)37117294</subfield></datafield><datafield ind1="0" ind2="7" tag="785"><subfield code="t">LaGrange Democrat-call</subfield><subfield code="w">(DLC)sn 87055656</subfield><subfield code="w">(OCoLC)15247385</subfield></datafield><datafield ind1="4" ind2="1" tag="856"><subfield code="u">https://access.newspaperarchive.com/us/indiana/lagrange/lagrange-saturday-call</subfield></datafield></record>